@article{bib:RohdeRalph05,
    author = "Peter P. Rohde and Timothy C. Ralph",
    title  = "Frequency and temporal effects in linear optical quantum computing",
    year   = "2005",
    journal = "Phys. Rev. A",
    volume  = "71",
    pages   = "032320"
}

@article{bib:RohdeMauererSilberhorn07,
	author = "Peter P. Rohde and Wolfgang Mauerer and Christine Silberhorn",
	title  = "Spectral structure and decompositions of optical states, and their applications",
	year   = "2007",
	journal = "New J. Phys.",
	volume = "9",
	pages = "91"
}

@book{bib:1,
  title={Quantum computation and quantum information},
  author={Nielsen, Michael A and Chuang, Isaac L},
  year={2010},
  publisher={Cambridge University Press}
}

@article{bib:2,
  title={The computational complexity of linear optics},
  author={Aaronson, Scott and Arkhipov, Alex},
  journal={Theory of Computing},
  volume={9},
  number={4},
  pages={143-¨C252},
  year={2013},
  publisher={ACM}
}

@article{bib:3,
  title={Quantum computation: Boson sampling on a chip},
  author={Ralph, TC},
  journal={Nat. Photon.},
  volume={7},
  number={7},
  pages={514--515},
  year={2013},
  publisher={NPG}
}

@article{bib:4,
  title={Integrated multimode interferometers with arbitrary designs for photonic boson sampling},
  author={Crespi, Andrea and Osellame, Roberto and Ramponi, Roberta and Brod, Daniel J and Galvao, Ernesto F and Spagnolo, Nicol{\`o} and Vitelli, Chiara and Maiorino, Enrico and Mataloni, Paolo and Sciarrino, Fabio},
  journal={Nat. Photon.},
  volume={7},
  number={7},
  pages={545--549},
  year={2013},
  publisher={NPG}
}

@article{bib:5,
  title={Boson sampling on a photonic chip},
  author={Spring, Justin B and Metcalf, Benjamin J and Humphreys, Peter C and Kolthammer, W Steven and Jin, Xian-Min and Barbieri, Marco and Datta, Animesh and Thomas-Peter, Nicholas and Langford, Nathan K and Kundys, Dmytro and others},
  journal={Science},
  volume={339},
  number={6121},
  pages={798--801},
  year={2013},
  publisher={AAAS}
}

@article{bib:6,
  title={Experimental boson sampling},
  author={Tillmann, Max and Daki{\'c}, Borivoje and Heilmann, Ren{\'e} and Nolte, Stefan and Szameit, Alexander and Walther, Philip},
  journal={Nat. Photon.},
  volume={7},
  number={7},
  pages={540--544},
  year={2013},
  publisher={NPG}
}

@article{bib:7,
  title={Experimental validation of photonic boson sampling},
  author={Spagnolo, Nicol{\`o} and Vitelli, Chiara and Bentivegna, Marco and Brod, Daniel J and Crespi, Andrea and Flamini, Fulvio and Giacomini, Sandro and Milani, Giorgio and Ramponi, Roberta and Mataloni, Paolo and others},
  journal={Nat. Photon.},
  volume={8},
  number={8},
  pages={615--620},
  year={2014},
  publisher={NPG}
}

@article{bib:8,
  title={On the experimental verification of quantum complexity in linear optics},
  author={Carolan, Jacques and Meinecke, Jasmin DA and Shadbolt, Peter J and Russell, Nicholas J and Ismail, Nur and W{\"o}rhoff, Kerstin and Rudolph, Terry and Thompson, Mark G and O'Brien, Jeremy L and Matthews, Jonathan CF and others},
  journal={Nat. Photon.},
  volume={8},
  number={8},
  pages={621--626},
  year={2014},
  publisher={NPG}
}

@article{bib:9,
  title={Universal linear optics},
  author={Carolan, Jacques and Harrold, Christopher and Sparrow, Chris and Mart{\'\i}n-L{\'o}pez, Enrique and Russell, Nicholas J and Silverstone, Joshua W and Shadbolt, Peter J and Matsuda, Nobuyuki and Oguma, Manabu and Itoh, Mikitaka and others},
  journal={Science},
  volume={349},
  number={6249},
  pages={711--716},
  year={2015},
  publisher={AAAS}
}

@article{bib:10,
  title={Photonic boson sampling in a tunable circuit},
  author={Broome, Matthew A and Fedrizzi, Alessandro and Rahimi-Keshari, Saleh and Dove, Justin and Aaronson, Scott and Ralph, Timothy C and White, Andrew G},
  journal={Science},
  volume={339},
  number={6121},
  pages={794--798},
  year={2013},
  publisher={AAAS}
}

@article{bib:11,
  title={Scalable boson sampling with a single-photon device},
  author={He, Yu and Su, Zu-En and Huang, He-Liang and Ding, Xing and Qin, Jian and Wang, Can and Unsleber, S and Chen, Chao and Wang, Hui and He, Yu-Ming and others},
  journal={arXiv:1603.04127},
  year={2016}
}

@inproceedings{bib:12,
  title={On the quantum evaluation of the determinant and the permanent of a matrix},
  author={Troyansky, Lidror and Tishby, Naftali},
  booktitle={Proc. 4th Workshop on Physics and Computation, Boston, 1996},
  volume={96},
  year={1996}
}

@article{bib:13,
  title={The bosonic birthday paradox},
  author={Arkhipov, Alex and Kuperberg, Greg},
  journal={arXiv:1106.0849 },
  year={2012}
}

@article{bib:14,
  title={General rules for bosonic bunching in multimode interferometers},
  author={Spagnolo, Nicol{\`o} and Vitelli, Chiara and Sansoni, Linda and Maiorino, Enrico and Mataloni, Paolo and Sciarrino, Fabio and Brod, Daniel J and Galv{\~a}o, Ernesto F and Crespi, Andrea and Ramponi, Roberta and others},
  journal={Phys. Rev. Lett.},
  volume={111},
  number={13},
  pages={130503},
  year={2013},
  publisher={APS}
}

@misc{bib:15,
   author = "Wikipedia",
   title = "Rejection sampling --- Wikipedia{,} The Free Encyclopedia",
   year = "2016",
   url = "https://en.wikipedia.org/w/index.php?title=Rejection_sampling&oldid=739554960",
}

@book{bib:16,
  title={Combinatorial mathematics},
  author={Ryser, Herbert John},
  year={1963},
  publisher={Mathematical Association of America}
}

@article{bib:17,
  title={The complexity of computing the permanent},
  author={Valiant, Leslie G},
  journal={Theor. Comput. Sci.},
  volume={8},
  number={2},
  pages={189--201},
  year={1979},
  publisher={Elsevier}
}

@article{bib:18,
  title={Experimental realization of any discrete unitary operator},
  author={Reck, Michael and Zeilinger, Anton and Bernstein, Herbert J and Bertani, Philip},
  journal={Phys. Rev. Lett.},
  volume={73},
  number={1},
  pages={58},
  year={1994},
  publisher={APS}
}

@article{bib:19,
  title={Scalable boson sampling with time-bin encoding using a loop-based architecture},
  author={Motes, Keith R and Gilchrist, Alexei and Dowling, Jonathan P and Rohde, Peter P},
  journal={Phys. Rev. Lett.},
  volume={113},
  number={12},
  pages={120501},
  year={2014},
  publisher={APS}
}

@article{bib:20,
  title={Microwave boson sampling},
  author={Peropadre, Borja and Guerreschi, Gian Giacomo and Huh, Joonsuk and Aspuru-Guzik, Al{\'a}n},
  journal={arXiv:1510.08064},
  year={2015}
}

@article{bib:21,
  title={Synthesizing arbitrary quantum states in a superconducting resonator},
  author={Hofheinz, Max and Wang, H and Ansmann, Markus and Bialczak, Radoslaw C and Lucero, Erik and Neeley, Matthew and O'Connell, AD and Sank, Daniel and Wenner, J and Martinis, John M and others},
  journal={Nature},
  volume={459},
  number={7246},
  pages={546--549},
  year={2009},
  publisher={NPG}
}

@article{bib:22,
  title={Error tolerance of the boson-sampling model for linear optics quantum computing},
  author={Rohde, Peter P and Ralph, Timothy C},
  journal={Phys. Rev. A},
  volume={85},
  number={2},
  pages={022332},
  year={2012},
  publisher={APS}
}

@article{bib:23,
  title={BosonSampling is robust against small errors in the network matrix},
  author={Arkhipov, Alex},
  journal={Phys. Rev. A},
  volume={92},
  number={6},
  pages={062326},
  year={2015},
  publisher={APS}
}

@article{bib:24,
  title={Analysis of circuit imperfections in BosonSampling},
  author={Leverrier, Anthony and Garc{\'\i}a-Patr{\'o}n, Ra{\'u}l},
  journal={Quant. Inf. Comp.},
  volume={15},
  pages={0489--0512},
  year={2015}
}

@article{bib:25,
  title={Optical quantum computing with photons of arbitrarily low fidelity and purity},
  author={Rohde, Peter P},
  journal={Phys. Rev. A},
  volume={86},
  number={5},
  pages={052321},
  year={2012},
  publisher={APS}
}

@article{bib:26,
  title={Sufficient condition for the mode mismatch of single photons for scalability of the boson-sampling computer},
  author={Shchesnovich, Valery S},
  journal={Phys. Rev. A},
  volume={89},
  number={2},
  pages={022333},
  year={2014},
  publisher={APS}
}

@article{bib:27,
  title={Partial indistinguishability theory for multiphoton experiments in multiport devices},
  author={Shchesnovich, Valery S},
  journal={Phys. Rev. A},
  volume={91},
  number={1},
  pages={013844},
  year={2015},
  publisher={APS}
}

@article{bib:28,
  title={Tight bound on the trace distance between a realistic device with partially indistinguishable bosons and the ideal BosonSampling},
  author={Shchesnovich, Valery S},
  journal={Phys. Rev. A},
  volume={91},
  number={6},
  pages={063842},
  year={2015},
  publisher={APS}
}

@article{bib:29,
  title={Sampling of partially distinguishable bosons and the relation to the multidimensional permanent},
  author={Tichy, Malte C},
  journal={Phys. Rev. A},
  volume={91},
  number={2},
  pages={022316},
  year={2015},
  publisher={APS}
}

@article{bib:30,
  title={Boson sampling with photons of arbitrary spectral structure},
  author={Rohde, Peter P},
  journal={Phys. Rev. A},
  volume={91},
  number={1},
  pages={012307},
  year={2015},
  publisher={APS}
}

@article{bib:31,
  title={The computational complexity of immanants},
  author={B{\"u}rgisser, Peter},
  journal={SIAM J. Comput.},
  volume={30},
  number={3},
  pages={1023--1040},
  year={2000},
  publisher={SIAM}
}

@article{bib:32,
  title={Generalized multiphoton quantum interference},
  author={Tillmann, Max and Tan, Si-Hui and Stoeckl, Sarah E and Sanders, Barry C and de Guise, Hubert and Heilmann, Ren{\'e} and Nolte, Stefan and Szameit, Alexander and Walther, Philip},
  journal={Phys. Rev. X},
  volume={5},
  number={4},
  pages={041015},
  year={2015},
  publisher={APS}
}

@article{bib:33,
  title={BosonSampling with lost photons},
  author={Aaronson, Scott and Brod, Daniel J},
  journal={Phys. Rev. A},
  volume={93},
  number={1},
  pages={012335},
  year={2016},
  publisher={APS}
}

@article{bib:34,
  title={Spontaneous parametric down-conversion photon sources are scalable in the asymptotic limit for boson sampling},
  author={Motes, Keith R and Dowling, Jonathan P and Rohde, Peter P},
  journal={Phys. Rev. A},
  volume={88},
  number={6},
  pages={063822},
  year={2013},
  publisher={APS}
}

@article{bib:35,
  title={Scattershot BosonSampling: A new approach to scalable BosonSampling experiments},
  author={Aaronson, Scott},
  journal={http://www.scottaaronson.com/blog/?p= 1579},
  year={2013}
}

@article{bib:36,
  title={Boson sampling from a Gaussian state},
  author={Lund, AP and Laing, A and Rahimi-Keshari, S and Rudolph, T and O¡¯Brien, JL and Ralph, TC},
  journal={Phys. Rev. Lett.},
  volume={113},
  number={10},
  pages={100502},
  year={2014},
  publisher={APS}
}

@article{bib:37,
  title={Reaching Quantum Supremacy with a Boson Sampling Experiment},
  author={Latmiral, Ludovico},
  journal={arXiv:1511.08161},
  year={2015}
}

@article{bib:38,
  title={Experimental scattershot boson sampling},
  author={Bentivegna, Marco and Spagnolo, Nicol{\`o} and Vitelli, Chiara and Flamini, Fulvio and Viggianiello, Niko and Latmiral, Ludovico and Mataloni, Paolo and Brod, Daniel J and Galv{\~a}o, Ernesto F and Crespi, Andrea and others},
  journal={Science advances},
  volume={1},
  number={3},
  pages={e1400255},
  year={2015},
  publisher={AAAS}
}

@article{bib:39,
  title={Experimental greenberger-horne-zeilinger-type six-photon quantum nonlocality},
  author={Zhang, Chao and Huang, Yun-Feng and Wang, Zhao and Liu, Bi-Heng and Li, Chuan-Feng and Guo, Guang-Can},
  journal={Phys. Rev. Lett.},
  volume={115},
  number={26},
  pages={260402},
  year={2015},
  publisher={APS}
}

@article{bib:40,
  title={Observation of eight-photon entanglement},
  author={Yao, Xing-Can and Wang, Tian-Xiong and Xu, Ping and Lu, He and Pan, Ge-Sheng and Bao, Xiao-Hui and Peng, Cheng-Zhi and Lu, Chao-Yang and Chen, Yu-Ao and Pan, Jian-Wei},
  journal={Nat. Photon.},
  volume={6},
  number={4},
  pages={225--228},
  year={2012},
  publisher={NPG}
}

@article{bib:41,
  title={Bell violation using entangled photons without the fair-sampling assumption},
  author={Giustina, Marissa and Mech, Alexandra and Ramelow, Sven and Wittmann, Bernhard and Kofler, Johannes and Beyer, J{\"o}rn and Lita, Adriana and Calkins, Brice and Gerrits, Thomas and Nam, Sae Woo and others},
  journal={Nature},
  volume={497},
  number={7448},
  pages={227--230},
  year={2013},
  publisher={NPG}
}

@article{bib:42,
  title={Detection-loophole-free test of quantum nonlocality, and applications},
  author={Christensen, BG and McCusker, KT and Altepeter, JB and Calkins, B and Gerrits, T and Lita, AE and Miller, A and Shalm, LK and Zhang, Y and Nam, SW and others},
  journal={Phys. Rev. Lett.},
  volume={111},
  number={13},
  pages={130406},
  year={2013},
  publisher={APS}
}

@article{bib:43,
  title={On-chip quantum interference between silicon photon-pair sources},
  author={Silverstone, Joshua W and Bonneau, Damien and Ohira, Kazuya and Suzuki, Nob and Yoshida, Haruhiko and Iizuka, Norio and Ezaki, Mizunori and Natarajan, Chandra M and Tanner, Michael G and Hadfield, Robert H and others},
  journal={Nat. Photon.},
  volume={8},
  number={2},
  pages={104--108},
  year={2014},
  publisher={NPG}
}

@article{bib:44,
  title={A chip-based array of near-identical, pure, heralded single photon sources},
  author={Spring, Justin B and Mennea, Paolo L and Metcalf, Benjamin J and Humphreys, Peter C and Gates, James C and Rogers, Helen L and Soeller, Christoph and Smith, Brian J and Kolthammer, W Steven and Smith, Peter GR and others},
  journal={arXiv:1603.06984},
  year={2016}
}

@article{bib:45,
  title={Spectrally bright and broad fiber-based heralded single-photon source},
  author={Goldschmidt, Elizabeth A and Eisaman, Matthew D and Fan, Jingyun and Polyakov, Sergey V and Migdall, Alan},
  journal={Phys. Rev. A},
  volume={78},
  number={1},
  pages={013844},
  year={2008},
  publisher={APS}
}

@article{bib:46,
  title={Photon pair generation in birefringent optical fibers},
  author={Smith, Brian J and Mahou, P and Cohen, Offir and Lundeen, JS and Walmsley, IA},
  journal={Opt. Express},
  volume={17},
  number={26},
  pages={23589--23602},
  year={2009},
  publisher={OSA}
}

@article{bib:47,
  title={On-demand semiconductor single-photon source with near-unity indistinguishability},
  author={He, Yu-Ming and He, Yu and Wei, Yu-Jia and Wu, Dian and Atat{\"u}re, Mete and Schneider, Christian and H{\"o}fling, Sven and Kamp, Martin and Lu, Chao-Yang and Pan, Jian-Wei},
  journal={Nat. Nanotech.},
  volume={8},
  number={3},
  pages={213--217},
  year={2013},
  publisher={NPG}
}

@article{bib:48,
  title={Deterministic and robust generation of single photons from a single quantum dot with 99.5\% indistinguishability using adiabatic rapid passage},
  author={Wei, Yu-Jia and He, Yu-Ming and Chen, Ming-Cheng and Hu, Yi-Nan and He, Yu and Wu, Dian and Schneider, Christian and Kamp, Martin and H{\"o}fling, Sven and Lu, Chao-Yang and others},
  journal={Nano Lett.},
  volume={14},
  number={11},
  pages={6515--6519},
  year={2014},
  publisher={ACS Publications}
}

@article{bib:49,
  title={On-demand single photons with high extraction efficiency and near-unity indistinguishability from a resonantly driven quantum dot in a micropillar},
  author={Ding, Xing and He, Yu and Duan, Z-C and Gregersen, Niels and Chen, M-C and Unsleber, S and Maier, Sebastian and Schneider, Christian and Kamp, Martin and H{\"o}fling, Sven and others},
  journal={Phys. Rev. Lett.},
  volume={116},
  number={2},
  pages={020401},
  year={2016},
  publisher={APS}
}

@article{bib:50,
  title={Near-optimal single-photon sources in the solid state},
  author={Somaschi, N and Giesz, V and De Santis, L and Loredo, JC and Almeida, MP and Hornecker, G and Portalupi, SL and Grange, T and Anton, C and Demory, J and others},
  journal={Nat. Photon.},
  volume={10},
  pages={340--345},
  year={2016},
  publisher={NPG}
}

@article{bib:51,
  title={Near-Transform-Limited Single Photons from an Efficient Solid-State Quantum Emitter},
  author={Wang, Hui and Duan, Z-C and Li, Y-H and Chen, Si and Li, J-P and He, Y-M and Chen, M-C and He, Yu and Ding, X and Peng, Cheng-Zhi and others},
  journal={Phys. Rev. Lett.},
  volume={116},
  number={21},
  pages={213601},
  year={2016},
  publisher={APS}
}

@article{bib:52,
  title={Scalable performance in solid-state single-photon sources},
  author={Loredo, Juan C and Zakaria, Nor A and Somaschi, Niccolo and Anton, Carlos and de Santis, Lorenzo and Giesz, Valerian and Grange, Thomas and Broome, Matthew A and Gazzano, Olivier and Coppola, Guillaume and others},
  journal={Optica},
  volume={3},
  number={4},
  pages={433--440},
  year={2016},
  publisher={OSA}
}

@article{bib:53,
  title={Invited review article: Single-photon sources and detectors},
  author={Eisaman, MD and Fan, J and Migdall, A and Polyakov, SV},
  journal={Rev. Sci. Instrum.},
  volume={82},
  number={7},
  pages={071101},
  year={2011},
  publisher={AIP Publishing}
}

@article{bib:54,
  title={Experimental ten-photon entanglement},
  author={Wang, Xi-Lin and Chen, Luo-Kan and Li, Wei and Huang, He-Liang and Liu, Chang and Chen, Chao and Luo, Yi-Han and Su, Zu-En and Wu, Dian and Li, Zheng-Da and others},
  journal={arXiv:1605.08547},
  year={2016}
}

@article{bib:55,
  title={Eliminating frequency and space-time correlations in multiphoton states},
  author={Grice, WP and U¡¯ren, AB and Walmsley, IA},
  journal={Phys. Rev. A},
  volume={64},
  number={6},
  pages={063815},
  year={2001},
  publisher={APS}
}

@article{bib:56,
  title={Heralded generation of ultrafast single photons in pure quantum states},
  author={Mosley, Peter J and Lundeen, Jeff S and Smith, Brian J and Wasylczyk, Piotr and U¡¯Ren, Alfred B and Silberhorn, Christine and Walmsley, Ian A},
  journal={Phys. Rev. Lett.},
  volume={100},
  number={13},
  pages={133601},
  year={2008},
  publisher={APS}
}

@article{bib:57,
  title={Nonclassical interference between independent intrinsically pure single photons at telecommunication wavelength},
  author={Jin, Rui-Bo and Wakui, Kentaro and Shimizu, Ryosuke and Benichi, Hugo and Miki, Shigehito and Yamashita, Taro and Terai, Hirotaka and Wang, Zhen and Fujiwara, Mikio and Sasaki, Masahide},
  journal={Phys. Rev. A},
  volume={87},
  number={6},
  pages={063801},
  year={2013},
  publisher={APS}
}

@article{bib:58,
  title={Generation of pure-state single-photon wavepackets by conditional preparation based on spontaneous parametric downconversion},
  author={U'Ren, Alfred B and Silberhorn, Christine and Erdmann, Reinhard and Banaszek, Konrad and Grice, Warren P and Walmsley, Ian A and Raymer, Michael G},
  journal={Las. Phys.},
  volume={15},
  pages={146},
  year={2005}
}

@article{bib:59,
  title={Conditional preparation of single photons using parametric downconversion: a recipe for purity},
  author={Mosley, Peter J and Lundeen, Jeff S and Smith, Brian J and Walmsley, Ian A},
  journal={New J. Phys.},
  volume={10},
  number={9},
  pages={093011},
  year={2008},
  publisher={IOP Publishing}
}

@article{bib:60,
  title={Design of bright, fiber-coupled and fully factorable photon pair sources},
  author={Vicent, Luis Edgar and U'Ren, Alfred B and Rangarajan, Radhika and Osorio, Clara I and Torres, Juan P and Zhang, Lijian and Walmsley, Ian A},
  journal={New J. Phys.},
  volume={12},
  number={9},
  pages={093027},
  year={2010},
  publisher={IOP Publishing}
}

@article{bib:61,
  title={Silica-based planar lightwave circuits and their applications},
  author={Hibino, Yoshinori},
  journal={MRS Bulletin},
  volume={28},
  number={05},
  pages={365--371},
  year={2003},
  publisher={Cambridge Univ Press}
}

@article{bib:62,
  title={High refractive index contrast in fused silica waveguides by tightly focused, high-repetition rate femtosecond laser},
  author={Eaton, Shane M and Ng, Mi Li and Osellame, Roberto and Herman, Peter R},
  journal={J. Non-Cryst. Solids},
  volume={357},
  number={11},
  pages={2387--2391},
  year={2011},
  publisher={Elsevier}
}

@inproceedings{bib:63,
  title={Ultra Low-Loss Waveguides of 0.12 dB/cm Directly Written in pure Silica Glass by Femtosecond Laser Pulses},
  author={Sakuma, Ken and Ishikawa, Shimon and Shikata, Tomoko and Fukuda, Takeshi and Hosoya, Hideyuki},
  booktitle={Proceedings Optical Fiber Communication Conf.},
  pages={ThD2},
  year={2003},
  organization={OSA}
}

@inproceedings{bib:64,
  title={Ultra-low-loss single-mode Si3N4 waveguides with 0.7 dB/m propagation loss},
  author={Bauters, Jared F and Heck, Martijn JR and John, Demis D and Tien, Ming-Chun and Li, Wenzao and Barton, Jon S and Leinse, A and Heideman, RG and Blumenthal, DJ and Bowers, JE},
  booktitle={Proceedings 37th European Conf. and Exposition on Optical Communications, Geneva, Switzerland, 2011},
  pages={Th.12.LeSaleve.3},
  year={2011}
}

@article{bib:65,
  title={Ultra-low-loss high-aspect-ratio Si 3 N 4 waveguides},
  author={Bauters, Jared F and Heck, Martijn JR and John, Demis and Dai, Daoxin and Tien, Ming-Chun and Barton, Jonathon S and Leinse, Arne and Heideman, Ren{\'e} G and Blumenthal, Daniel J and Bowers, John E},
  journal={Opt. Express},
  volume={19},
  number={4},
  pages={3163--3174},
  year={2011},
  publisher={OSA}
}

@article{bib:66,
  title={Quantum interference and manipulation of entanglement in silicon wire waveguide quantum circuits},
  author={Bonneau, Damien and Engin, Erman and Ohira, Kazuya and Suzuki, Nob and Yoshida, Haruhiko and Iizuka, Norio and Ezaki, Mizunori and Natarajan, Chandra M and Tanner, Michael G and Hadfield, Robert H and others},
  journal={New J. Phys.},
  volume={14},
  number={4},
  pages={045003},
  year={2012},
  publisher={IOP Publishing}
}

@article{bib:67,
  title={Multimode quantum interference of photons in multiport integrated devices},
  author={Peruzzo, Alberto and Laing, Anthony and Politi, Alberto and Rudolph, Terry and O'Brien, Jeremy L},
  journal={Nat. Commun.},
  volume={2},
  pages={224},
  year={2011},
  publisher={NPG}
}

@article{bib:68,
  title={Effect of size and roughness on light transmission in a Si/SiO2 waveguide: Experiments and model},
  author={Lee, Kevin K and Lim, Desmond R and Luan, Hsin-Chiao and Agarwal, Anuradha and Foresi, James and Kimerling, Lionel C},
  journal={Appl. Phys. Lett.},
  volume={77},
  number={11},
  pages={1617--1619},
  year={2000},
  publisher={AIP Publishing}
}

@article{bib:69,
  title={Fabrication of low-loss photonic wires in silicon-on-insulator using hydrogen silsesquioxane electron-beam resist},
  author={Gnan, M and Thoms, S and Macintyre, DS and Sorel, M and others},
  journal={Electron. Lett.},
  volume={44},
  number={2},
  pages={115--116},
  year={2008},
  publisher={IET}
}

@article{bib:70,
  title={Nanotaper for compact mode conversion},
  author={Almeida, Vilson R and Panepucci, Roberto R and Lipson, Michal},
  journal={Opt. Lett.},
  volume={28},
  number={15},
  pages={1302--1304},
  year={2003},
  publisher={OSA}
}

@article{bib:71,
  title={Ultra-low loss photonic integrated circuit with membrane-type photonic crystal waveguides},
  author={McNab, Sharee J and Moll, Nikolaj and Vlasov, Yurii A},
  journal={Opt. Express},
  volume={11},
  number={22},
  pages={2927--2939},
  year={2003},
  publisher={OSA}
}

@article{bib:72,
  title={Silicon-on-insulator spectral filters fabricated with CMOS technology},
  author={Bogaerts, Wim and Selvaraja, Shankar Kumar and Dumon, Pieter and Brouckaert, Joost and De Vos, Katrien and Van Thourhout, Dries and Baets, Roel},
  journal={IEEE J. Sel. Top. Quantum Electron.},
  volume={16},
  number={1},
  pages={33--44},
  year={2010},
  publisher={IEEE}
}

@inproceedings{bib:73,
  title={A compact and CMOS compatible MMI coupler with very low excess loss},
  author={Sheng, Zhen and Wang, Zhiqi and Qiu, Chao and Li, Le and Pang, Albert and Wu, Aimin and Wang, Xi and Zou, Shichang and Gan, Fuwan},
  booktitle={Proceedings Optical Fiber Communication Conf. and Nat. Fiber Optic Engineers Conf., Anaheim, California, 2013},
  pages={JTh2A.26},
  year={2013},
  organization={OSA}
}

@article{bib:74,
  title={Near-infrared Hong-Ou-Mandel interference on a silicon quantum photonic chip},
  author={Xu, Xinan and Xie, Zhenda and Zheng, Jiangjun and Liang, Junlin and Zhong, Tian and Yu, Mingbin and Kocaman, Serdar and Lo, Guo-Qiang and Kwong, Dim-Lee and Englund, Dirk R and others},
  journal={Opt. Express},
  volume={21},
  number={4},
  pages={5014--5024},
  year={2013},
  publisher={OSA}
}

@article{bib:75,
  title={Counting near-infrared single-photons with 95\% efficiency},
  author={Lita, Adriana E and Miller, Aaron J and Nam, Sae Woo},
  journal={Opt. Express},
  volume={16},
  number={5},
  pages={3032--3040},
  year={2008},
  publisher={OSA}
}

@article{bib:76,
  title={Spectrally efficient long-haul optical networking using 112-Gb/s polarization-multiplexed 16-QAM},
  author={Winzer, PJ and Gnauck, AH and Doerr, CR and Magarini, M and Buhl, LL},
  journal={J. Lightwave Technol.},
  volume={28},
  number={4},
  pages={547--556},
  year={2010},
  publisher={IEEE}
}

@article{bib:77,
  title={Monolithic GaAs electro-optic IQ modulator demonstrated at 150 Gbit/s with 64QAM},
  author={Schindler, PC and Korn, D and Stamatiadis, C and O¡¯Keefe, MF and Stampoulidis, L and Schmogrow, R and Zakynthinos, P and Palmer, R and Cameron, N and Zhou, Y and others},
  journal={J. Lightwave Technol.},
  volume={32},
  number={4},
  pages={760--765},
  year={2014},
  publisher={IEEE}
}

@inproceedings{bib:78,
  title={Towards Large-scale Quantum Boson Sampling},
  author={Lin, Xiaofeng and Gao, Jun and Feng, Zhen and Yang, Ailin and Ji, Ling and Li, Honggen and Jin, Xianmin},
  booktitle={Proceedings International Photonics and OptoElectronics, Wuhan, China, 2015},
  pages={OT2C.4},
  year={2015},
  organization={OSA}
}

@article{bib:79,
  title={Evidence for the conjecture that sampling generalized cat states with linear optics is hard},
  author={Rohde, Peter P and Motes, Keith R and Knott, Paul A and Fitzsimons, Joseph and Munro, William J and Dowling, Jonathan P},
  journal={Phys. Rev. A},
  volume={91},
  number={1},
  pages={012342},
  year={2015},
  publisher={APS}
}

@article{bib:80,
  title={Sampling arbitrary photon-added or photon-subtracted squeezed states is in the same complexity class as boson sampling},
  author={Olson, Jonathan P and Seshadreesan, Kaushik P and Motes, Keith R and Rohde, Peter P and Dowling, Jonathan P},
  journal={Phys. Rev. A},
  volume={91},
  number={2},
  pages={022317},
  year={2015},
  publisher={APS}
}

@article{bib:81,
  title={Boson sampling with displaced single-photon Fock states versus single-photon-added coherent states: The quantum-classical divide and computational-complexity transitions in linear optics},
  author={Seshadreesan, Kaushik P and Olson, Jonathan P and Motes, Keith R and Rohde, Peter P and Dowling, Jonathan P},
  journal={Phys. Rev. A},
  volume={91},
  number={2},
  pages={022334},
  year={2015},
  publisher={APS}
}

@article{bib:82,
  title={Boson sampling for molecular vibronic spectra},
  author={Huh, Joonsuk and Guerreschi, Gian Giacomo and Peropadre, Borja and McClean, Jarrod R and Aspuru-Guzik, Al{\'a}n},
  journal={Nat. Photon.},
  volume={9},
  pages={615--620},
  year={2015},
  publisher={NPG}
}

@article{bib:83,
  title={Synthesizing arbitrary quantum states in a superconducting resonator},
  author={Hofheinz, Max and Wang, H and Ansmann, Markus and Bialczak, Radoslaw C and Lucero, Erik and Neeley, Matthew and O'Connell, AD and Sank, Daniel and Wenner, J and Martinis, John M and others},
  journal={Nature},
  volume={459},
  number={7246},
  pages={546--549},
  year={2009},
  publisher={NPG}
}

@article{bib:84,
  title={Generation of Fock states in a superconducting quantum circuit},
  author={Hofheinz, Max and Weig, EM and Ansmann, M and Bialczak, Radoslaw C and Lucero, Erik and Neeley, M and O¡¯connell, AD and Wang, H and Martinis, John M and Cleland, AN},
  journal={Nature},
  volume={454},
  number={7202},
  pages={310--314},
  year={2008},
  publisher={NPG}
}

@article{bib:85,
  title={Quantum non-demolition detection of single microwave photons in a circuit},
  author={Johnson, BR and Reed, MD and Houck, AA and Schuster, DI and Bishop, Lev S and Ginossar, E and Gambetta, JM and DiCarlo, L and Frunzio, L and Girvin, SM and others},
  journal={Nat. Phys.},
  volume={6},
  number={9},
  pages={663--667},
  year={2010},
  publisher={NPG}
}

@article{bib:86,
  title={Single-photon detectors for optical quantum information applications},
  author={Hadfield, Robert H},
  journal={Nat. Photon.},
  volume={3},
  number={12},
  pages={696--705},
  year={2009},
  publisher={NPG}
}

@article{bib:87,
  title={Detecting single infrared photons with 93\% system efficiency},
  author={Marsili, F and Verma, Varun B and Stern, Jeffrey A and Harrington, S and Lita, Adriana E and Gerrits, Thomas and Vayshenker, Igor and Baek, Burm and Shaw, Matthew D and Mirin, Richard P and others},
  journal={Nat. Photon.},
  volume={7},
  number={3},
  pages={210--214},
  year={2013},
  publisher={NPG}
}

@article{bib:88,
  title={Titanium-based transition-edge photon number resolving detector with 98\% detection efficiency with index-matched small-gap fiber coupling},
  author={Fukuda, Daiji and Fujii, Go and Numata, Takayuki and Amemiya, Kuniaki and Yoshizawa, Akio and Tsuchida, Hidemi and Fujino, Hidetoshi and Ishii, Hiroyuki and Itatani, Taro and Inoue, Shuichiro and others},
  journal={Opt. Express},
  volume={19},
  number={2},
  pages={870--875},
  year={2011},
  publisher={OSA}
}

@article{bib:89,
  title={BosonSampling with single-photon Fock states from a bright solid-state source},
  author={Loredo, JC and Broome, MA and Hilaire, P and Gazzano, O and Sagnes, I and Lemaitre, A and Almeida, MP and Senellart, P and White, AG},
  journal={arXiv:1603.00054},
  year={2016}
}

@article{bib:90,
  title={Bayesian approach to Boson sampling validation},
  author={Bentivegna, Marco and Spagnolo, Nicol{\`o} and Vitelli, Chiara and Brod, Daniel J and Crespi, Andrea and Flamini, Fulvio and Ramponi, Roberta and Mataloni, Paolo and Osellame, Roberto and Galv{\~a}o, Ernesto F and others},
  journal={Int. J. Quantum Inform.},
  volume={12},
  number={07n08},
  pages={1560028},
  year={2014},
  publisher={World Scientific}
}

@article{bib:91,
  title={What can quantum optics say about computational complexity theory?},
  author={Rahimi-Keshari, Saleh and Lund, Austin P and Ralph, Timothy C},
  journal={Phys. Rev. Lett.},
  volume={114},
  number={6},
  pages={060501},
  year={2015},
  publisher={APS}
}
